@inproceedings{Kharraz2015CuttingTG,
  title={Cutting the Gordian Knot: A Look Under the Hood of Ransomware Attacks},
  author={Amin Kharraz and William K. Robertson and Davide Balzarotti and Leyla Bilge and Engin Kirda},
  booktitle={DIMVA},
  year={2015}
}
@article{Yang2015AutomatedDA,
  title={Automated Detection and Analysis for Android Ransomware},
  author={Tianda Yang and Yu Yang and Kai Qian and Dan Chia-Tien Lo and Ying Qian and Lixin Tao},
  journal={2015 IEEE 17th International Conference on High Performance Computing and Communications, 2015 IEEE 7th International Symposium on Cyberspace Safety and Security, and 2015 IEEE 12th International Conference on Embedded Software and Systems},
  year={2015},
  pages={1338-1343}
}

@inproceedings{Formby2017OutOC,
  title={Out of Control: Ransomware for Industrial Control Systems},
  author={David Formby and Srikar Durbha and Raheem A. Beyah},
  year={2017}
}