%% LaTeX2e file `localbib.bib'
%% generated by the `filecontents' environment
%% from source `report_template' on 2018/02/24.
%%
  @article{Hosfelt2015AutomatedDA,
  title={Automated detection and classification of cryptographic algorithms in binary programs through machine learning},
  author={Diane Duros Hosfelt},
  journal={CoRR},
  year={2015},
  volume={abs/1503.01186}
}
